<record><leader>00779nam a22002171a 4500</leader><controlfield tag="001">000366640</controlfield><controlfield tag="003">MiAaHDL</controlfield><controlfield tag="005">20210817000000.0</controlfield><controlfield tag="006">m        d        </controlfield><controlfield tag="007">cr bn ---auaua</controlfield><controlfield tag="008">880718m00000000ua            00010 arard</controlfield><datafield tag="035" ind1=" " ind2=" "><subfield code="a">(MiU)990003666400106381</subfield></datafield><datafield tag="035" ind1=" " ind2=" "><subfield code="a">sdr-miu.990003666400106381</subfield></datafield><datafield tag="035" ind1=" " ind2=" "><subfield code="a">(OCoLC)66281247</subfield></datafield><datafield tag="035" ind1=" " ind2=" "><subfield code="a">(CaOTULAS)160105765</subfield></datafield><datafield tag="035" ind1=" " ind2=" "><subfield code="a">(RLIN)MIUG85-B21170</subfield></datafield><datafield tag="035" ind1=" " ind2=" "><subfield code="z">(MiU)Aleph000366640</subfield></datafield><datafield tag="040" ind1=" " ind2=" "><subfield code="c">MiU</subfield><subfield code="d">MiU</subfield></datafield><datafield tag="100" ind1="1" ind2=" "><subfield code="a">Majlisī, Muḥammad Bāqir ibn Muḥammad Taqī,</subfield><subfield code="d">1627 or 1628-approximately 1699.</subfield></datafield><datafield tag="245" ind1="1" ind2="0"><subfield code="a">Mirʾāt al-ʻuqūl :</subfield><subfield code="b">fī sharḥ akhbār āl al-rusūl /</subfield><subfield code="c">taʾlīf al-Majlisī.</subfield></datafield><datafield tag="260" ind1=" " ind2=" "><subfield code="a">al-Najaf :</subfield><subfield code="b">Manshurāt al-Aḍwāʾ,</subfield><subfield code="c">[bidūna tārīkh]</subfield></datafield><datafield tag="300" ind1=" " ind2=" "><subfield code="a">v. ;</subfield><subfield code="c">25 cm.</subfield></datafield><datafield tag="490" ind1=" " ind2=" "><subfield code="a">Manshurāt Dār al-Aḍwāʾ,</subfield><subfield code="v">12.</subfield></datafield><datafield tag="538" ind1=" " ind2=" "><subfield code="a">Mode of access: Internet.</subfield></datafield><datafield tag="650" ind1=" " ind2="0"><subfield code="a">Islam</subfield><subfield code="x">Customs and practices.</subfield></datafield><datafield tag="650" ind1=" " ind2="0"><subfield code="a">Shiites.</subfield></datafield><datafield tag="CID" ind1=" " ind2=" "><subfield code="a">000366640</subfield></datafield><datafield tag="DAT" ind1="0" ind2=" "><subfield code="a">19910306000000.0</subfield><subfield code="b">20210817000000.0</subfield></datafield><datafield tag="DAT" ind1="1" ind2=" "><subfield code="a">20210917140717.0</subfield><subfield code="b">2021-09-18T11:23:22Z</subfield></datafield><datafield tag="DAT" ind1="2" ind2=" "><subfield code="a">2020-03-08T17:30:02Z</subfield><subfield code="b">2014-02-04T23:30:03Z</subfield></datafield><datafield tag="CAT" ind1=" " ind2=" "><subfield code="a">SDR-MIU</subfield><subfield code="d">ALMA</subfield><subfield code="l">prepare.pl-004-008</subfield></datafield><datafield tag="FMT" ind1=" " ind2=" "><subfield code="a">BK</subfield></datafield><datafield tag="HOL" ind1=" " ind2=" "><subfield code="0">sdr-miu.990003666400106381</subfield><subfield code="a">MiU</subfield><subfield code="b">SDR</subfield><subfield code="c">MIU</subfield><subfield code="p">mdp.39015015147864</subfield><subfield code="s">MIU</subfield><subfield code="z">v.20</subfield><subfield code="1">990003666400106381</subfield></datafield><datafield tag="974" ind1=" " ind2=" "><subfield code="b">MIU</subfield><subfield code="c">MIU</subfield><subfield code="d">20210918</subfield><subfield code="s">google</subfield><subfield code="u">mdp.39015015147864</subfield><subfield code="z">v.20</subfield><subfield code="r">und</subfield><subfield code="q">bib</subfield><subfield code="t">date type m--no date</subfield></datafield><datafield tag="974" ind1=" " ind2=" "><subfield code="b">MIU</subfield><subfield code="c">MIU</subfield><subfield code="d">20210911</subfield><subfield code="s">google</subfield><subfield code="u">mdp.39015027758575</subfield><subfield code="z">v.5</subfield><subfield code="r">und</subfield><subfield code="q">bib</subfield><subfield code="t">date type m--no date</subfield></datafield></record>